%% This BibTeX bibliography file was created using BibDesk.
%% http://bibdesk.sourceforge.net/

%% Created for lzhan at 2018-12-21 15:22:16 +0800 


%% Saved with string encoding Unicode (UTF-8) 



@article{RN1017,
	Author = {Lowder, Matthew W. and Ferreira, Fernanda},
	Date-Added = {2018-12-21 15:22:08 +0800},
	Date-Modified = {2018-12-21 15:22:08 +0800},
	Doi = {10.1037/xge0000544},
	Issn = {1939-2222 0096-3445},
	Journal = {Journal of Experimental Psychology: General},
	Title = {I see what you meant to say: Anticipating speech errors during online sentence processing},
	Type = {Journal Article},
	Year = {2018},
	Bdsk-Url-1 = {https://doi.org/10.1037/xge0000544}}

@article{RN1544,
	Author = {Benitez, Viridiana L. and Saffran, Jenny R.},
	Date-Added = {2018-11-12 14:11:19 +0800},
	Date-Modified = {2018-11-12 14:11:19 +0800},
	Doi = {10.1016/j.cub.2018.06.017},
	Issn = {09609822},
	Journal = {Current Biology},
	Title = {Predictable Events Enhance Word Learning in Toddlers},
	Type = {Journal Article},
	Year = {2018},
	Bdsk-Url-1 = {https://doi.org/10.1016/j.cub.2018.06.017}}

@article{PNAS1803505115,
	Author = {Kiraly, Ildiko and Olah, Katalin and Csibra, Gergely and Kovacs, Agnes Melinda},
	Doi = {10.1073/pnas.1803505115},
	Issn = {0027-8424 1091-6490},
	Journal = {Proceedings of the National Academy of Sciences},
	Title = {Retrospective attribution of false beliefs in 3-year-old children},
	Type = {Journal Article},
	Year = {2018},
	Bdsk-Url-1 = {https://doi.org/10.1073/pnas.1803505115}}

@article{RN906,
	Author = {Cooper, Roger M.},
	Doi = {10.1016/0010-0285(74)90005-x},
	Issn = {0010-0285},
	Journal = {Cognitive Psychology},
	Number = {1},
	Pages = {84-107},
	Title = {The control of eye fixation by the meaning of spoken language: A new methodology for the real-time investigation of speech perception, memory, and language processing},
	Type = {Journal Article},
	Url = {http://www.sciencedirect.com/science/article/pii/001002857490005X},
	Volume = {6},
	Year = {1974},
	Bdsk-Url-1 = {http://www.sciencedirect.com/science/article/pii/001002857490005X},
	Bdsk-Url-2 = {https://doi.org/10.1016/0010-0285(74)90005-x}}

@article{RN907,
	Author = {Tanenhaus, Michael K. and Spivey-Knowlton, Michael J. and Eberhard, Kathleen M. and Sedivy, Julie C.},
	Doi = {10.1126/science.7777863},
	Journal = {Science},
	Number = {5217},
	Pages = {1632-1634},
	Title = {Integration of visual and linguistic information in spoken language comprehension},
	Type = {Journal Article},
	Volume = {268},
	Year = {1995},
	Bdsk-Url-1 = {https://doi.org/10.1126/science.7777863}}

@article{RN913,
	Author = {de Groot, Floor and Huettig, Falk and Olivers, Christian N. L.},
	Doi = {10.1080/13506285.2017.1324934},
	Issn = {1350-6285 1464-0716},
	Journal = {Visual Cognition},
	Number = {1-3},
	Pages = {225-240},
	Title = {Language-induced visual and semantic biases in visual search are subject to task requirements},
	Type = {Journal Article},
	Volume = {25},
	Year = {2017},
	Bdsk-Url-1 = {https://doi.org/10.1080/13506285.2017.1324934}}

@article{RN931,
	Author = {Saryazdi, R. and Chambers, C. G.},
	Doi = {10.1016/j.actpsy.2017.11.003},
	Issn = {1873-6297 (Electronic) 0001-6918 (Linking)},
	Journal = {Acta Psychologica},
	Pages = {91-99},
	Title = {Mapping language to visual referents: Does the degree of image realism matter?},
	Type = {Journal Article},
	Url = {https://www.ncbi.nlm.nih.gov/pubmed/29154035},
	Volume = {182},
	Year = {2018},
	Bdsk-Url-1 = {https://www.ncbi.nlm.nih.gov/pubmed/29154035},
	Bdsk-Url-2 = {https://doi.org/10.1016/j.actpsy.2017.11.003}}

@article{RN1009,
	Author = {Kreysa, Helene and Nunnemann, Eva M. and Knoeferle, Pia},
	Doi = {10.1016/j.actpsy.2018.05.001},
	Issn = {00016918},
	Journal = {Acta Psychologica},
	Pages = {220-229},
	Title = {Distinct effects of different visual cues on sentence comprehension and later recall: The case of speaker gaze versus depicted actions},
	Type = {Journal Article},
	Volume = {188},
	Year = {2018},
	Bdsk-Url-1 = {https://doi.org/10.1016/j.actpsy.2018.05.001}}

@article{RN1010,
	Author = {Thothathiri, Malathi and Asaro, Christine T. and Hsu, Nina S. and Novick, Jared M.},
	Doi = {10.1016/j.cognition.2018.05.014},
	Issn = {00100277},
	Journal = {Cognition},
	Pages = {162-177},
	Title = {Who did what ? A causal role for cognitive control in thematic role assignment during sentence comprehension},
	Type = {Journal Article},
	Volume = {178},
	Year = {2018},
	Bdsk-Url-1 = {https://doi.org/10.1016/j.cognition.2018.05.014}}

@article{RN1011,
	Author = {Yamashiro, Amy and Vouloumanos, Athena},
	Doi = {10.1016/j.jecp.2018.04.011},
	Issn = {00220965},
	Journal = {Journal of Experimental Child Psychology},
	Pages = {268-283},
	Title = {How do infants and adults process communicative events in real time?},
	Type = {Journal Article},
	Volume = {173},
	Year = {2018},
	Bdsk-Url-1 = {https://doi.org/10.1016/j.jecp.2018.04.011}}

@article{RN1012,
	Author = {McMurray, B. and Danelz, A. and Rigler, H. and Seedorff, M.},
	Doi = {10.1037/dev0000542},
	Issn = {1939-0599 (Electronic) 0012-1649 (Linking)},
	Journal = {Developmental Psychology},
	Number = {8},
	Pages = {1472-1491},
	Title = {Speech categorization develops slowly through adolescence},
	Type = {Journal Article},
	Url = {https://www.ncbi.nlm.nih.gov/pubmed/29952600},
	Volume = {54},
	Year = {2018},
	Bdsk-Url-1 = {https://www.ncbi.nlm.nih.gov/pubmed/29952600},
	Bdsk-Url-2 = {https://doi.org/10.1037/dev0000542}}
